%
%  An example of a bibliographical database for bibTeX
%
%  Recommended software for maintenance of *.bib files:
%    JabRef, http://jabref.sourceforge.net/
%
%  BEWARE:
%
%    *  If a name contains a capital letter, which must be kept such,
%       use curly brackets ({T}hailand, {HIV}).
%
%  ===========================================================================

@misc{SIDHfirstarticle,
    author = {Luca De Feo and David Jao and Jérôme Plût},
    title = {Towards quantum-resistant cryptosystems from supersingular elliptic curve isogenies},
    howpublished = {Cryptology ePrint Archive, Report 2011/506},
    year = {2011},
    note = {\url{http://eprint.iacr.org/2011/506}},
}

@book{Sil,
 AUTHOR = {Joseph H. Silverman},
  TITLE = {The arithmetic of elliptic curves},
 SERIES = {Graduate Texts in Mathematics},
 VOLUME = {106},
   NOTE = {Corrected reprint of the 1986 original},
PUBLISHER = {Springer-Verlag},
ADDRESS = {New York},
   YEAR = {1992},
  PAGES = {xii+400},
   ISBN = {0-387-96203-4},
MRCLASS = {11G05 (14H52)},
MRNUMBER = {MR1329092 (95m:11054)},
}

@article{Shumow,
  author    = {Shumow, Daniel},
  title     = {{I}sogenies of {E}lliptic {C}urves: {A} {C}omputational {A}pproach},
  journal   = {CoRR},
  volume    = {abs/0910.5370},
  year      = {2009},
  ee        = {http://arxiv.org/abs/0910.5370},
  bibsource = {DBLP, http://dblp.uni-trier.de}
}

@inproceedings{costelloefficient,
  title={Efficient algorithms for supersingular isogeny {D}iffie-{H}ellman},
  author={Costello, Craig and Longa, Patrick and Naehrig, Michael},
  booktitle={Advances in Cryptology},
  organization={Springer},
}

@article{07082584,
Author = {Seiichiro Tani},
Title = {{C}law {F}inding {A}lgorithms {U}sing {Q}uantum {W}alk},
Year = {2007},
Eprint = {arXiv:0708.2584},
Howpublished = {Theoretical Computer Science, 410(50): 5285-5297 (2009)},
Doi = {10.1016/j.tcs.2009.08.030},
}

@inproceedings{zhang2005promised,
  title={Promised and distributed quantum search},
  author={Zhang, Shengyu},
  booktitle={International Computing and Combinatorics Conference},
  pages={430--439},
  year={2005},
  organization={Springer}
}

@misc{QCA,
  title = {{Q}t {C}ryptographic {A}rchitecture},
  howpublished = {\url{http://delta.affinix.com/docs/qca/index.html}},
  note = {Accessed: 2016-12-16},
}

@article{Shor,
  Author = {Peter W. Shor},
  Title = {{P}olynomial-{T}ime {A}lgorithms for {P}rime {F}actorization and {D}iscrete {L}ogarithms on a {Q}uantum {C}omputer},
  Year = {1995},
  Eprint = {arXiv:quant-ph/9508027},
  Howpublished = {SIAM J.Sci.Statist.Comput. 26 (1997) 1484},
}

@article{Proos,
  Author = {John Proos and Christof Zalka},
  Title = {{S}hor's discrete logarithm quantum algorithm for elliptic curves},
  Year = {2003},
  Eprint = {arXiv:quant-ph/0301141},
  Howpublished = {QIC 3 (No. 4) (2003) pp.317-344},
}

@misc{Fact56153,
Author = {Nikesh S. Dattani and Nathaniel Bryans},
Title = {{Q}uantum factorization of 56153 with only 4 qubits},
Year = {2014},
Eprint = {arXiv:1411.6758},
}

@misc{TLS,
  Author = {Tim Dierks and Eric Rescorla},
  Title = {{T}he {T}ransport {L}ayer {S}ecurity ({TLS}) {P}rotocol, {V}ersion 1.2},
  Month = {August},
  Year = {2008},
  Howpublished = {\url{https://tools.ietf.org/html/rfc5246}},
  note = {Accessed: 2016-12-16},
}

@misc{TLSwiki,
  Title = {{T}ransport {L}ayer {S}ecurity},
  Howpublished = {\url{https://en.wikipedia.org/wiki/Transport_Layer_Security}},
  note = {Accessed: 2016-12-16},
}

@misc{CubicFunctionWiki,
  Title = {{C}ubic {F}unction},
  Howpublished = {\url{https://en.wikipedia.org/wiki/Cubic_function}},
  note = {Accessed: 2016-12-16},
}

@misc{SSiso,
  Howpublished = {\url{https://github.com/defeo/ss-isogeny-software}},
  note = {Accessed: 2016-12-16},
}

@misc{OQS,
  Howpublished = {\url{https://openquantumsafe.org/}},
  note = {Accessed: 2016-12-16},
}

@misc{OQSssl,
  Howpublished = {\url{https://github.com/open-quantum-safe/openssl/}},
  note = {Accessed: 2016-12-16},
}

@misc{MSRsidh,
  Howpublished = {\url{https://www.microsoft.com/en-us/research/project/sidh-library/}},
  note = {Accessed: 2016-12-16},
}

@misc{Ossl,
  Howpublished = {\url{https://github.com/xoloki/openssl-sidh}},
  note = {Accessed: 2016-12-16},
}

@misc{Blather,
  Author = {Michael Lucas},
  Title = {{L}ibre{SSL} at {BSDC}an},
  Howpublished = {\url{http://blather.michaelwlucas.com/archives/2071}},
  Month = {May 17},
  Year = {2014},
  note = {Accessed: 2016-12-16},
}

@misc{Rampage,
  Howpublished = {\url{http://opensslrampage.org/}},
  note = {Accessed: 2016-12-16},
}

@misc{Nettle,
  Howpublished = {\url{http://www.lysator.liu.se/~nisse/nettle/}},
  note = {Accessed: 2016-12-16},
}

@misc{GMP,
  Howpublished = {\url{https://gmplib.org/}},
  note = {Accessed: 2016-12-16},
}

@misc{GCC,
  Howpublished = {\url{http://gcc.gnu.org/}},
  note = {Accessed: 2016-12-16},
}

@misc{sagemath,
  Howpublished = {\url{http://www.sagemath.org/}},
  note = {Accessed: 2016-12-16},
}

@misc{git,
  Howpublished = {\url{https://git-scm.com/}},
  note = {Accessed: 2016-12-16},
}

@misc{TRepo,
  Howpublished = {\url{https://is.cuni.cz/webapps/zzp/}},
  note = {Accessed: 2016-12-16},
}

@misc{repo,
  Howpublished = {\url{https://github.com/elkablo/pqc}},
  note = {Accessed: 2016-12-16},
}

@inproceedings{sphincs,
  title={{SPHINCS}: practical stateless hash-based signatures},
  author={Bernstein, Daniel J and Hopwood, Daira and H{\"u}lsing, Andreas and Lange, Tanja and Niederhagen, Ruben and Papachristodoulou, Louiza and Schneider, Michael and Schwabe, Peter and Wilcox-O’Hearn, Zooko},
  booktitle={Annual International Conference on the Theory and Applications of Cryptographic Techniques},
  pages={368--397},
  year={2015},
  organization={Springer}
}

@misc{clang,
  Howpublished = {\url{http://clang.llvm.org/}},
  note = {Accessed: 2016-12-16},
}

@misc{Make,
  Howpublished = {\url{https://www.gnu.org/software/make/}},
  note = {Accessed: 2016-12-16},
}

@misc{RLWE-KEX,
    author = {Vikram Singh},
    title = {{A} {P}ractical {K}ey {E}xchange for the {I}nternet using {L}attice {C}ryptography},
    howpublished = {Cryptology ePrint Archive, Report 2015/138},
    year = {2015},
    note = {\url{http://eprint.iacr.org/2015/138}},
}

@misc{LibreSSLwiki,
  Howpublished = {\url{https://en.wikipedia.org/wiki/LibreSSL}},
  note = {Accessed: 2016-12-16},
}

@misc{OpenBSDmail,
  Howpublished = {\url{https://marc.info/?l=openbsd-cvs&m=139715677231774}},
  note = {Accessed: 2016-12-16},
}

@misc{BoringSSL,
  Howpublished = {\url{https://www.chromium.org/Home/chromium-security/boringssl}},
  note = {Accessed: 2016-12-16},
}

@misc{Euclid,
  Howpublished = {\url{https://en.wikipedia.org/wiki/Extended_Euclidean_algorithm}},
  note = {Accessed: 2016-12-16},
}

@book{AbstractAlgebra,
  title = {{A}bstract {A}lgebra: {T}heory and {A}pplications},
  author = {Thomas W. Judson},
  year = {2013},
  howpublished = {\url{http://abstract.ups.edu/download/aata-20130816.pdf}},
  note = {Accessed: 2016-12-16}
}

@misc{R&S,
author = {Rostovtsev, Alexander and Stolbunov, Anton},
title = {{P}ublic-key cryptosystem based on isogenies},
year = {2006},
url = {http://eprint.iacr.org/2006/145/},
note = {\url{http://eprint.iacr.org/2006/145/}},
}

@article{Stol,
 AUTHOR = {Stolbunov, Anton},
  TITLE = {{C}onstructing public-key cryptographic schemes based on class
group action on a set of isogenous elliptic curves},
JOURNAL = {Adv. Math. Commun.},
FJOURNAL = {Advances in Mathematics of Communications},
 VOLUME = {4},
   YEAR = {2010},
 NUMBER = {2},
  PAGES = {215--235},
}

@article{broker-ss,
    AUTHOR = {Br{\"o}ker, Reinier},
     TITLE = {{C}onstructing supersingular elliptic curves},
   JOURNAL = {J. Comb. Number Theory},
  FJOURNAL = {Journal of Combinatorics and Number Theory},
    VOLUME = {1},
      YEAR = {2009},
    NUMBER = {3},
     PAGES = {269--273},
      ISSN = {1942-5600},
   MRCLASS = {11G20 (11G15 11T71 11Y16 14G50)},
  MRNUMBER = {2681311 (2011g:11116)},
MRREVIEWER = {Steven D. Galbraith},
}

@Inbook{Biasse2014,
author="Biasse, Jean-Fran{\c{c}}ois
and Jao, David
and Sankar, Anirudh",
editor="Meier, Willi
and Mukhopadhyay, Debdeep",
title={{A} {Q}uantum {A}lgorithm for {C}omputing {I}sogenies between {S}upersingular {E}lliptic {C}urves},
bookTitle="Progress in Cryptology -- INDOCRYPT 2014: 15th International Conference on Cryptology in India, New Delhi, India, December 14-17, 2014, Proceedings",
year="2014",
publisher="Springer International Publishing",
address="Cham",
pages="428--442",
isbn="978-3-319-13039-2",
doi="10.1007/978-3-319-13039-2_25",
url="http://dx.doi.org/10.1007/978-3-319-13039-2_25"
}

@inproceedings{galbraith2016security,
  title={{O}n the security of supersingular isogeny cryptosystems},
  author={Galbraith, Steven D and Petit, Christophe and Shani, Barak and Ti, Yan Bo},
  booktitle={Advances in Cryptology--ASIACRYPT 2016: 22nd International Conference on the Theory and Application of Cryptology and Information Security, Hanoi, Vietnam, December 4-8, 2016, Proceedings, Part I},
  pages={63--91},
  year={2016},
  organization={Springer}
}

@article{failurenotoption,
  title = {{F}ailure is not an option: {S}tandardization issues for post-quantum key agreement},
  year = {2015},
  author = {Daniel Kirkwood and Bradley C. Lackey and John McVey and Mark Motley and Jerome A. Solinas and David Tuller},
  publisher = {Workshop on Cybersecurity in a Post-Quantum World},
  Howpublished = {\url{http://csrc.nist.gov/groups/ST/post-quantum-2015/presentations/session7-motley-mark.pdf}}
}

@book{artunix,
  title = {{T}he {A}rt of {U}nix {P}rogramming},
  author = {Eric S. Raymond},
  year = {2003},
  Howpublished = {\url{http://www.catb.org/esr/writings/taoup/}},
  publisher = {Addison-Wesley},
  isbn = {0-13-142901-9}
}

@misc{Connell,
  title = {{E}lliptic {C}urve {H}andbook},
  author = {Ian Connell},
  journal = {Preprint},
  year = {1996},
  Howpublished = {\url{http://www.math.mcgill.ca/connell/}}
}
